@book{2021模板,
  title={天津大学研究生毕业论文模板},
  author={小金鱼儿},
  year={2021},
  url={https://haoyu.love}
}
